@article{fenson1976developmental,
  title={The developmental progression of manipulative play in the first two years},
  author={Fenson, Larry and Kagan, Jerome and Kearsley, Richard B and Zelazo, Philip R},
  journal={Child Development},
  year={1976},
  publisher={JSTOR}
}
@book{siegler1996emerging,
  title={Emerging minds: The process of change in children's thinking},
  author={Siegler, Robert S},
  year={1996},
  publisher={Oxford University Press}
}
@INPROCEEDINGS{forestier2015,
author={Forestier, S. and Oudeyer, P.-Y.},
booktitle={2015 Joint IEEE International Conference on Development and Learning and Epigenetic Robotics (ICDL-EpiRob)},
title={Towards hierarchical curiosity-driven exploration of sensorimotor models},
year={2015},
} 

@article{unifying,
  title={Unifying Affordance and Kinematics Learning: a computational approach to bimanual affordances},
  author={S{\'a}nchez-Fibla, M and Forestier, S and Ysard, J and Moulin-Frier, C and Verschure, P},
  journal={submitted},
  year={2016}
}

@article{guerin2013survey,
  title={A survey of the ontogeny of tool use: from sensorimotor experience to planning},
  author={Guerin, Francois and Kruger, Norbert and Kraft, Daniel},
  journal={Autonomous Mental Development, IEEE Transactions on},
  volume={5},
  number={1},
  year={2013},
  publisher={IEEE}
}
@article{paatero1994positive,
  title={Positive matrix factorization: A non-negative factor model with optimal utilization of error estimates of data values},
  author={Paatero, Pentti and Tapper, Unto},
  journal={Environmetrics},
  volume={5},
  number={2},
  year={1994},
  publisher={Wiley Online Library}
}
@inproceedings{kocsis2006discounted,
  title={Discounted ucb},
  author={Kocsis, Levente and Szepesv{\'a}ri, Csaba},
  organization={2nd PASCAL Challenges Workshop},
  year={2006}
}
@inproceedings{garivier2011upper,
  title={On upper-confidence bound policies for switching bandit problems},
  author={Garivier, Aur{\'e}lien and Moulines, Eric},
  booktitle={Algorithmic Learning Theory},
  year={2011},
  organization={Springer}
}

@article{fabisch2014active,
  title={Active contextual policy search},
  author={Fabisch, Alexander and Metzen, Jan Hendrik},
  journal={The Journal of Machine Learning Research},
  volume={15},
  number={1},
  year={2014},
  publisher={JMLR. org}
}

@article{warlaumont2014social,
  title={A Social Feedback Loop for Speech Development and Its Reduction in Autism},
  author={Warlaumont, Anne S and Richards, Jeffrey A and Gilkerson, Jill and Oller, D Kimbrough},
  journal={Psychological science},
  year={2014},
  publisher={SAGE Publications}
}
@article{franklin2014effects,
  title={Effects of Parental Interaction on Infant Vocalization Rate, Variability and Vocal Type},
  author={Franklin, Beau and Warlaumont, Anne S and Messinger, Daniel and Bene, Edina and Nathani Iyer, Suneeti and Lee, Chia-Chang and Lambert, Brittany and Oller, D Kimbrough},
  journal={Language Learning and Development},
  volume={10},
  number={3},
  year={2014},
  publisher={Taylor \& Francis}
}
@article{goldstein2008social,
  title={Social feedback to infants' babbling facilitates rapid phonological learning},
  author={Goldstein, Michael H and Schwade, Jennifer A},
  journal={Psychological Science},
  volume={19},
  number={5},
  year={2008},
  publisher={SAGE Publications}
}
@article{warlaumont2013prespeech,
  title={Prespeech motor learning in a neural network using reinforcement},
  author={Warlaumont, Anne S and Westermann, Gert and Buder, Eugene H and Oller, D Kimbrough},
  journal={Neural Networks},
  volume={38},
  year={2013},
  publisher={Elsevier}
}
@inproceedings{warlaumont2013salience,
  title={Salience-based reinforcement of a spiking neural network leads to increased syllable production},
  author={Warlaumont, Anne S},
  booktitle={Development and Learning and Epigenetic Robotics (ICDL), 2013 IEEE Third Joint International Conference on},
  year={2013},
  organization={IEEE}
}
@article{goldstein2003social,
  title={Social interaction shapes babbling: Testing parallels between birdsong and speech},
  author={Goldstein, Michael H and King, Andrew P and West, Meredith J},
  journal={Proceedings of the National Academy of Sciences},
  volume={100},
  number={13},
  year={2003},
  publisher={National Acad Sciences}
}
@article{ishihara2009caregiver,
  title={How caregiver's anticipation shapes infant's vowel through mutual imitation},
  author={Ishihara, Hisashi and Yoshikawa, Yuichiro and Miura, Katsushi and Asada, Minoru},
  journal={Autonomous Mental Development, IEEE Transactions on},
  volume={1},
  number={4},
  year={2009},
  publisher={IEEE}
}
@article{goldstein2010learning,
  title={Learning While Babbling: Prelinguistic Object-Directed Vocalizations Indicate a Readiness to Learn},
  author={Goldstein, Michael H and Schwade, Jennifer and Briesch, Jacquelyn and Syal, Supriya},
  journal={Infancy},
  volume={15},
  number={4},
  year={2010},
  publisher={Wiley Online Library}
}
@article{gros2006mothers,
  title={Mothers provide differential feedback to infants' prelinguistic sounds},
  author={Gros-Louis, Julie and West, Meredith J and Goldstein, Michael H and King, Andrew P},
  journal={International Journal of Behavioral Development},
  volume={30},
  number={6},
  year={2006},
  publisher={Sage Publications}
}
@article{gros2014maternal,
  title={Maternal responsiveness and the development of directed vocalizing in social interactions},
  author={Gros-Louis, Julie and West, Meredith J and King, Andrew P},
  journal={Infancy},
  year={2014},
  publisher={Wiley Online Library}
}
@article{kuhl1996infant,
  title={Infant vocalizations in response to speech: Vocal imitation and developmental change},
  author={Kuhl, Patricia K and Meltzoff, Andrew N},
  journal={The journal of the Acoustical Society of America},
  volume={100},
  number={4},
  year={1996},
  publisher={Acoustical Society of America}
}
@article{kuhl1991,
  title={Human adults and human infants show a "perceptual magnet effect" for the prototypes of speech categories, monkeys do not},
  author={Kuhl, Patricia K},
  journal={Perception \& psychophysics},
  volume={50},
  number={2},
  year={1991},
  publisher={Springer}
}
@article{begus,
  title={Infants learn what they want to learn: responding to infant pointing leads to superior learning},
  author={Begus, Katarina and Gliga, Teodora and Southgate, Victoria},
  journal={PloS one},
  volume={9},
  number={10},
  year={2014},
  publisher={Public Library of Science}
}
@article{meltzoff1999born,
  title={Born to learn: What infants learn from watching us},
  author={Meltzoff, Andrew N and Warhol, JG},
  journal={The role of early experience in infant development},
  year={1999},
  publisher={Skillman. Pediatric Institute Publications. New Jersey (USA)}
}

@article{gavagai,
  title={From language to motor gavagai: unified imitation learning of multiple linguistic and nonlinguistic sensorimotor skills},
  author={Cederborg, Thomas and Oudeyer, P-Y},
  journal={Autonomous Mental Development, IEEE Transactions on},
  volume={5},
  number={3},
  year={2013},
  publisher={IEEE}
}

@BOOK{
	turing,
	author = "A.M. Turing",
	title = "Computing machinery and intelligence",
	publisher = "Mind, 59, 433-460",
	year = 1950
   }
@inproceedings{mac,
  title={Maturationally-constrained competence-based intrinsically motivated learning},
  author={Baranes, Adrien and Oudeyer, P-Y},
  booktitle={Development and Learning (ICDL), 2010 IEEE 9th International Conference on},
  year={2010},
  organization={IEEE}
}
@article{forestierworkshop,
  title={Workshop notes: First interdisciplinary symposium on Information-seeking, curiosity and attention. Inria Bordeaux Sud-Ouest, November 6-7, 2014},
  author={Forestier, S{\'e}bastien},
  year={2014}
}

@book{flow,
  title={Flow: The Psychology of Optimal Experience},
  author={Csikszentmihalyi, M.},
  isbn={9780060162535},
  lccn={89045645},
  series={Perennial Modern Classics},
  url={http://books.google.fr/books?id=V9KrQgAACAAJ},
  year={1990},
  publisher={Harper \& Row}
}
@article{formal,
  title={Formal theory of creativity, fun, and intrinsic motivation (1990--2010)},
  author={Schmidhuber, J{\"u}rgen},
  journal={Autonomous Mental Development, IEEE Transactions on},
  volume={2},
  number={3},
  year={2010},
  publisher={IEEE}
}
@article{kidd,
  title={The Goldilocks effect: Human infants allocate attention to visual sequences that are neither too simple nor too complex},
  author={Kidd, Celeste and Piantadosi, Steven T and Aslin, Richard N},
  journal={PLoS One},
  volume={7},
  number={5},
  year={2012},
  publisher={Public Library of Science}
}
@article{lwr,
  title={Locally weighted regression: an approach to regression analysis by local fitting},
  author={Cleveland, William S and Devlin, Susan J},
  journal={Journal of the American Statistical Association},
  volume={83},
  number={403},
  year={1988},
  publisher={Taylor \& Francis Group}
}
@inproceedings{baranes2010intrinsically,
  title={Intrinsically motivated goal exploration for active motor learning in robots: A case study},
  author={Baranes, Adrien and Oudeyer, P-Y},
  booktitle={Intelligent Robots and Systems (IROS), 2010 IEEE/RSJ International Conference on},
  year={2010},
  organization={IEEE}
}

@article{mugan,
  title={Autonomously learning an action hierarchy using a learned qualitative state representation},
  author={Mugan, Jonathan and Kuipers, Benjamin},
  year={2009}
}

@article{vig,
  title={Intrinsically motivated hierarchical skill learning in structured environments},
  author={Vigorito, Christopher M and Barto, Andrew G},
  journal={Autonomous Mental Development, IEEE Transactions on},
  volume={2},
  number={2},
  year={2010},
  publisher={IEEE}
}
@inproceedings{ngiam2011multimodal,
  title={Multimodal deep learning},
  author={Ngiam, Jiquan and Khosla, Aditya and Kim, Mingyu and Nam, Juhan and Lee, Honglak and Ng, Andrew Y},
  booktitle={Proceedings of the 28th International Conference on Machine Learning (ICML-11)},
  year={2011}
}

@article{botvinick2012hierarchical,
  title={Hierarchical reinforcement learning and decision making},
  author={Botvinick, Matthew Michael},
  journal={Current opinion in neurobiology},
  volume={22},
  number={6},
  year={2012},
  publisher={Elsevier}
}

@article{sutton1999between,
  title={Between MDPs and semi-MDPs: A framework for temporal abstraction in reinforcement learning},
  author={Sutton, Richard S and Precup, Doina and Singh, Satinder},
  journal={Artificial intelligence},
  volume={112},
  number={1},
  year={1999},
  publisher={Elsevier}
}

@article{fenson1994variability,
  title={Variability in early communicative development},
  author={Fenson, Larry and Dale, Philip S and Reznick, J Steven and Bates, Elizabeth and Thal, Donna J and Pethick, Stephen J and Tomasello, Michael and Mervis, Carolyn B and Stiles, Joan},
  journal={Monographs of the society for research in child development},
  year={1994},
  publisher={JSTOR}
}
@inproceedings{horde,
  title={Horde: A scalable real-time architecture for learning knowledge from unsupervised sensorimotor interaction},
  author={Sutton, Richard S and Modayil, Joseph and Delp, Michael and Degris, Thomas and Pilarski, Patrick M and White, Adam and Precup, Doina},
  booktitle={The 10th International Conference on Autonomous Agents and Multiagent Systems-Volume 2},
  year={2011}
}
@article{higuchi,
  title={Shared neural correlates for language and tool use in Broca's area},
  author={Higuchi, Satomi and Chaminade, Thierry and Imamizu, Hiroshi and Kawato, Mitsuo},
  journal={Neuroreport},
  volume={20},
  number={15},
  year={2009},
  publisher={LWW}
}
@article{green,
author = {Greenfield,Patricia M.},
title = {Language, tools and brain: The ontogeny and phylogeny of hierarchically organized sequential behavior},
journal = {Behavioral and Brain Sciences},
volume = {14},
issue = {04},
month = {12},
year = {1991},
issn = {1469-1825},
}
@article{moulin2013self,
  title={Self-organization of early vocal development in infants and machines: the role of intrinsic motivation},
  author={Moulin-Frier, Cl{\'e}ment and Nguyen, Sao M and Oudeyer, Pierre-Yves},
  journal={Frontiers in psychology},
  volume={4},
  year={2013},
  publisher={Frontiers Media SA}
}
@article{baranes_active_2013,
	title = {Active learning of inverse models with intrinsically motivated goal exploration in robots},
	volume = {61},
	issn = {09218890},
	language = {en},
	number = {1},
	journal = {Robotics and Autonomous Systems},
	author = {Baranes, Adrien and Oudeyer, Pierre-Yves},
	month = jan,
	year = {2013},
}

@article{gottlieb_information-seeking_2013,
	title = {Information-seeking, curiosity, and attention: computational and neural mechanisms},
	volume = {17},
	issn = {13646613},
	shorttitle = {Information-seeking, curiosity, and attention},
	language = {en},
	number = {11},
	urldate = {2014-11-06},
	journal = {Trends in Cognitive Sciences},
	author = {Gottlieb, Jacqueline and Oudeyer, Pierre-Yves and Lopes, Manuel and Baranes, Adrien},
	month = nov,
	year = {2013},
}
@inproceedings{poppy,
  TITLE = {{Poppy Project: Open-Source Fabrication of 3D Printed Humanoid Robot for Science, Education and Art}},
  AUTHOR = {Lapeyre, Matthieu and Rouanet, Pierre and Grizou, Jonathan and Nguyen, Steve and Depraetre, Fabien and Le Falher, Alexandre and Oudeyer, Pierre-Yves},
  BOOKTITLE = {{Digital Intelligence 2014}},
  ADDRESS = {Nantes, France},
  YEAR = {2014},
  MONTH = Sep
}


@article{moulin-frier_self-organization_2014,
	title = {Self-organization of early vocal development in infants and machines: the role of intrinsic motivation},
	volume = {4},
	issn = {1664-1078},
	shorttitle = {Self-organization of early vocal development in infants and machines},
	journal = {Frontiers in Psychology},
	author = {Moulin-Frier, Clément and Nguyen, Sao M. and Oudeyer, Pierre-Yves},
	year = {2014}
}

@inproceedings{paraschos2013probabilistic,
  title={Probabilistic movement primitives},
  author={Paraschos, Alexandros and Daniel, Christian and Peters, Jan and Neumann, Gerhard},
  booktitle={Advances in Neural Information Processing Systems},
  year={2013}
}

@inproceedings{moulin-frier_explauto:_2014,
	title = {Explauto: an open-source {Python} library to study autonomous exploration in developmental robotics},
	shorttitle = {Explauto},
	booktitle = {{ICDL}-{Epirob}-{International} {Conference} on {Development} and {Learning}, {Epirob}},
	author = {Moulin-Frier, Clément and Rouanet, Pierre and Oudeyer, Pierre-Yves and {others}},
	year = {2014}
}

@article{oudeyer_intrinsic_2007,
	title = {Intrinsic {Motivation} {Systems} for {Autonomous} {Mental} {Development}},
	volume = {11},
	issn = {1089-778X},
	number = {2},
	journal = {IEEE Transactions on Evolutionary Computation},
	author = {Oudeyer, Pierre-Yves and Kaplan, Frdric and Hafner, Verena V.},
	month = apr,
	year = {2007},
}
@article{nguyen2012,
year={2012},
issn={2080-9778},
journal={Paladyn},
volume={3},
number={3},
title={Active choice of teachers, learning strategies and goals for a socially guided intrinsic motivation learner},
publisher={SP Versita},
author={Nguyen, SaoMai and Oudeyer, Pierre-Yves},
}

@article{ijspeert_dynamical_2013,
	title = {Dynamical movement primitives: learning attractor models for motor behaviors},
	volume = {25},
	shorttitle = {Dynamical movement primitives},
	number = {2},
	journal = {Neural computation},
	author = {Ijspeert, Auke Jan and Nakanishi, Jun and Hoffmann, Heiko and Pastor, Peter and Schaal, Stefan},
	year = {2013},
}

@incollection{cma,
	title = {The {CMA} evolution strategy: a comparing review},
	shorttitle = {The {CMA} evolution strategy},
	booktitle = {Towards a new evolutionary computation},
	publisher = {Springer},
	author = {Hansen, Nikolaus},
	year = {2006},
}

@article{metzen2013,
	title = {Incremental learning of skill collections based on intrinsic motivation},
	volume = {7},
	issn = {1662-5218},
	journal = {Frontiers in Neurorobotics},
	author = {Metzen, Jan H. and Kirchner, Frank},
	year = {2013},
}

@inproceedings{mugan2009,
	title = {Autonomously {Learning} an {Action} {Hierarchy} {Using} a {Learned} {Qualitative} {State} {Representation}.},
	booktitle = {{IJCAI}},
	author = {Mugan, Jonathan and Kuipers, Benjamin},
	year = {2009},
}
@article{santucci2013,
	title = {Which is the best intrinsic motivation signal for learning multiple skills?},
	volume = {7},
	issn = {1662-5218},
	journal = {Frontiers in Neurorobotics},
	author = {Santucci, Vieri G. and Baldassarre, Gianluca and Mirolli, Marco},
	year = {2013},
}

@article{vigorito2010,
	title = {Intrinsically motivated hierarchical skill learning in structured environments},
	volume = {2},
	number = {2},
	journal = {Autonomous Mental Development, IEEE Transactions on},
	author = {Vigorito, Christopher M. and Barto, Andrew G.},
	year = {2010},
}

@article{oudeyer_what_2007,
	title = {What is intrinsic motivation? {A} typology of computational approaches},
	volume = {1},
	issn = {1662-5218},
	shorttitle = {What is intrinsic motivation?},
	journal = {Frontiers in Neurorobotics},
	author = {Oudeyer, Pierre-Yves},
	year = {2007}
}
@article{riac,
  title={R-IAC: Robust intrinsically motivated exploration and active learning},
  author={Baranes, Adrien and Oudeyer, P-Y},
  journal={Autonomous Mental Development, IEEE Transactions on},
  volume={1},
  number={3},
  year={2009},
  publisher={IEEE}
}
@article{sch,
  title={A Possibility for lmplementing Curiosity and Boredom in Model-Building Neural Controllers},
  author={Jürgen Schmidhuber},
  year={1991}
}

@article{oudeyer2014evolution,
  title={How evolution may work through curiosity-driven developmental process},
  author={Oudeyer, Pierre-Yves and Smith, L},
  year={2014}
}
@article{howard2011modeling,
  title={Modeling the development of pronunciation in infant speech acquisition},
  author={Howard, Ian S and Messum, Piers},
  journal={Motor Control},
  volume={15},
  number={1},
  year={2011}
}
@article{guenther2006neural,
  title={Neural modeling and imaging of the cortical interactions underlying syllable production},
  author={Guenther, Frank H and Ghosh, Satrajit S and Tourville, Jason A},
  journal={Brain and language},
  volume={96},
  number={3},
  year={2006},
  publisher={Elsevier}
}
@article{cangelosi2010integration,
  title={Integration of action and language knowledge: A roadmap for developmental robotics},
  author={Cangelosi, Angelo and Metta, Giorgio and Sagerer, Gerhard and Nolfi, Stefano and Nehaniv, Chrystopher and Fischer, Kerstin and Tani, Jun and Belpaeme, Tony and Sandini, Giulio and Nori, Francesco and others},
  journal={Autonomous Mental Development, IEEE Transactions on},
  volume={2},
  number={3},
  year={2010},
  publisher={IEEE}
}
@inproceedings{mangin2012learning,
  title={Learning to recognize parallel combinations of human motion primitives with linguistic descriptions using non-negative matrix factorization},
  author={Mangin, Olivier and Oudeyer, P-Y},
  booktitle={Intelligent Robots and Systems (IROS), 2012 IEEE/RSJ International Conference on},
  year={2012},
  organization={IEEE}
}

@ARTICLE{ugur2015,
author={Ugur, E. and Nagai, Y. and Sahin, E. and Oztop, E.},
journal={Autonomous Mental Development, IEEE Transactions on},
title={Staged Development of Robot Skills: Behavior Formation, Affordance Learning and Imitation with Motionese},
year={2015},
volume={7},
number={2},
keywords={human-robot interaction;humanoid robots;intelligent robots;legged locomotion;manipulators;action learning;affordance learning;anthropomorphic robot manipulator;behavior formation;behavior primitives;complex cognitive capabilities;complex imitation bootstrap;cooperative tutor;human infants;infant sensorimotor development;integrated developmental system;interactive real robot;movement parameter space;reach-and-enclose-on-contact movement capability;robot skills;self-exploration motionese guided human-robot interaction;simple-to-complex sensorimotor skill progression;staged developmental framework;Grasping;Pediatrics;Robot kinematics;Robot sensing systems;Trajectory;Visualization;Affordance;developmental robotics;goal emulation;imitation;motionese;sensorimotor learning},
ISSN={1943-0604},
month={June},}

@inproceedings{ugur2014,
  title={Emergent structuring of interdependent affordance learning tasks},
  author={Ugur, Enes and Piater, Justus},
  booktitle={Development and Learning and Epigenetic Robotics (ICDL-Epirob), 2014 Joint IEEE International Conferences on},
  year={2014},
  organization={IEEE}
}
@inproceedings{clement2014online,
  title={Online optimization of teaching sequences with multi-armed bandits},
  author={Clement, Benjamin and Oudeyer, Pierre-Yves and Roy, Didier and Lopes, Manuel},
  booktitle={Educational Data Mining 2014},
  year={2014}
}
@inproceedings{schmerlinggoal,
  title={Goal-Directed Learning of Hand-Eye Coordination in a Humanoid Robot},
  author={Schmerling, Mathias and Schillaci, Guido and Hafner, Verena V},
  booktitle={5th Joint IEEE International Conferences on Development and Learning and on Epigenetic Robotics (ICDL-Epirob)},
  year={2015}
}

